@Misc{ MATZ,
  author = "Matz",
  title = "Ruby-Creator",
  organization = "Ruby Org",
  year = "2000",
  url = {https://www.ruby-lang.org/pt/about/}, {http://pt.wikipedia.org/wiki/Yukihiro_Matsumoto},
	urlaccessdate = {04/03/2014}
}

@Misc{ BREWER,
  author = "Eric Brewer",
  title = "Teorema de CAP",
  organization = "Principles of Distributed Computing - PODC",
  year = "2000",
  url = {http://blog.caelum.com.br/nosql-do-teorema-cap-para-paccl/},
	urlaccessdate = {19/04/2014}
}

@Misc{ TECTARGET,
  author = "Tectarget",
  title = "object-relational mapping (ORM)",
  year = "2008",
  url = {http://searchwindevelopment.techtarget.com/definition/object-relational-mapping},
  urlaccessdate = {29/03/2014}
}

@Misc{ CODD,
  author = "Dr Edgar Frank Codd",
  title = "Criador dos SGBDs",
  year = "1970",
  url = {http://pt.slideshare.net/Celio12/comparativo-tecnico-entre-tecnologias-de-banco-de-dados-relacional-nosql-newsql},
  urlaccessdate = {10/04/2014}
}

@misc{ AKITA,
  author = "Fábio Akita",
  title = "Entendendo Melhor sobre Ruby Gems",
  year = "2009",
  url = {https://www.akitaonrails.com},
  urlaccessdate = {10/04/2014}
}


@Misc{ DAVIDHANSSON,
  author = "David Heinemeier Hansson",
  title = "Criador do Rails",
  year = "2006",
  url = {http://eu.dbpedia.org/page/David_Heinemeier_Hansson, https://github.com/dhh, http://david.heinemeierhansson.com/about.html},
  urlaccessdate = {04/03/2014}
}

@article{ CUNHA,
  title = "Escalabilidade de Sistemas com Banco de Dados NoSQL: um Estudo de Caso Comparativo com MongoDB e MySQL.",
  author = "CUNHA, T. M. de A.",
  year = "2011",
  journal = "85 f. Trabalho de Conclusão de Curso (Ciência da Computação) – Centro Universitário da Bahia – Estácio,
Salvador."
}

@book{ MCLEAN_WETHERBE,
  title = "Tecnologia da Informação para Gestão: Transformando negócios na economia digital. 3ª ed",
  author = "EPHRAIM MCLEAN",
  publisher = "Bookman Companhia Ed",
  address = "Porto Alegre",
  year = "2004"
}
 
 
@book{ PRAGMATICRUBY,
  title = "Agile Web Development With Rails 4.",
  author = "Sam Ruby",
  publisher = "The Facets",
  address = "North Carolina, NC",
  year = "2014"
}

@book{ CAELUM,
  title = "Desenvolvimento Ágil para Web Com Ruby On Rails 4 - RR-71",
  author = "CAELUM",
  publisher = "Caelum Cursos Online",
  address = "www.caelum.com.br/online",
  year = "2014"
}
  
@book{ BAKHARIA,
  title = "Design Ruby on Rails Power: The Comprehensive Guide.",
  author = "Aneesha Bakharia",
  publisher = "Thomson Course Technology",
  address = "Boston, MA",
  year = "2007"
}

@book{ ORSINI,
  title = "Rails Cook Book",
  author = "Rob Orsini",
  publisher = "O'Reilly Media",
  address = "Boston, MA",
  year = "2007"
}

@Misc{ GADNER-SUBPROCESS,
  title = "Working with python subprocess",
  author = "James Gadner",
  year = "2009",
  url = {http://jimmyg.org/blog/2009/working-with-python-subprocess.html},
	urlaccessdate = {20/05/2012}
}

@Misc{ BRANDOM,
	author = "Brandom, R",
	title = "buildout tutorial. buildout howto. buildout review.",
	year = "2008",
	url = {http://renesd.blogspot.com.br/2008/05/buildout-tutorial-buildout-howto.html},
	urlaccessdate = {15/05/2012}
}

@Misc{ ZOPE2,
	organization = "Zope Foundation",
	title = "Zope2",
	year = "2012",
	url = {http://pypi.python.org/pypi/Zope2},
	urlaccessdate = {15/05/2012}
}

@Misc{ UDELL,
	author = "Jon Udell",
	title = "Zope Is Python's Killer App'",
	year = "2000",
	url = {http://web.archive.org/web/20000302033606/http://www.byte.com/feature/BYT20000201S0004},
	urlaccessdate = {15/05/2012}
}

@Misc{ W3C-XML,
	author = "Liam R.E. Quin",
	title = "What is XML?",
	year = "2010",
	url = {http://www.w3.org/standards/xml/core},
	urlaccessdate = {15/05/2012}
}

@Article{ TESLA,
	title = "Graphical treasures on the Internet",
	author = "Bridget Mintz Tesla",
	journal = "Computer Graphics World",
	number = "34",
	month = "november",
	year = "1994"
}

@Misc{ SILVA,
	author = "Jomar Silva",
	title = "5 anos de ODF",
	year = "2010",
	url = {http://homembit.com/2010/05/5-anos-de-odf-2.html},
	urlaccessdate = {15/05/2012}
}

@Misc{ ALECRIM-ODF,
	author = "Emerson Alecrim",
	title = "OpenDocument Format",
	year = "2011",
	url = {http://www.infowester.com/odf.php},
	urlaccessdate = {15/05/2012}
}

@Misc{ WIKIPEDIA-ODF,
	organization = "Wikipedia",
	title = "OpenDocument",
	year = "2012",
	url = {http://pt.wikipedia.org/wiki/OpenDocument},
	urlaccessdate = {15/05/2012}
}

@Book{ PNG-BOOK,
	title = "PNG The Definitive Guide",
	author = "Gred Roelofs",
	publisher = "OREILLY",
	address = "United States of America",
	year = "1999"
}

@Misc{ XIPH,
	organization = "Xiph.Org Foundation",
	title = "What is Vorbis?",
	year = "2012",
	url = {http://www.vorbis.com/faq/},
	urlaccessdate = {15/05/2012}
}

@Book{ XIPH-THEORA,
	title = "Theora Specification",
	author = "Xiph.Org Foundation",
	publisher = "Xiph.Org Foundation",
	year = "2011"
}

@Misc{ WIKIPEDIA-MATROSKA,
	organization = "Wikipedia",
	title = "Matroska",
	year = "2012",
	url = {http://pt.wikipedia.org/wiki/Matroska},
	urlaccessdate = {15/05/2012}
}

@Article{ FFMPEG-SCALABLE,
	title = "Design and implementation of a scalable system architecture for embedded multimedia terminal",
	author = "Bin Zhang",
	journal = "International Conference on Electrical and Control Engineering",
	pages = "618--621",
	number = "6057581",
	year = "2011"
}

@Article{ PIRNAU,
	title = "The SOAP protocol used for building and testing Web services",
	author = "M.A Pirnau C.B Apetrei M.C Badea G.D Pirnau",
	journal = "Proceedings of the World Congress on Engineering",
	pages = "475-480",
	volume = "1",
	month = "july",
	year = "2011"
}

@Article{ SMETS-CARVALHO,
	title = "ERP5: A Next-Generation, Open-Source ERP Architecture",
	author = "J.P. Smets-Solanes and R.A. de Carvalho",
	journal = "IT Professional",
	month = "august",
	year = "2003"
}

@Article{ SMETS-CERIN-COURTEAUD,
	title = "SlapOS: a Multi-purpose Distributed Cloud Operating System Based on an ERP Billing Model",
	author = "J.P. Smets-Solanes and C. Cerin and R. Courteaud",
	year = "2011",
	journal = "IEEE"
}

@Book{ SOFTWARE-FREEDOM-CONSERVANCY,
	title = "Pro Git",
	author = "Scott Chacon",
	publisher = "Apress",
	address = "São Paulo",
	year = "2009"
}

@Misc{ FFMPEG,
	organization = "FFMPEG.Org",
	title = "Ffmpeg Documetation",
	year = "2012",
	url = {http://ffmpeg.org/ffmpeg.html},
	urlaccessdate = {15/05/2012}
}

@Misc{ WSGI,
	title = "An Introduction to the Python Web Server Gateway Interface (WSGI)",
	author = "Titus Brown",
	year = "2009",
	url = {http://ivory.idyll.org/articles/wsgi-intro/what-is-wsgi.html},
	urlaccessdate = {15/05/2012}
}

@Misc{ XMLRPC,
	title = "What is XML-RPC?",
	organization = "Scripting News",
	year = "2011",
	url = {http://xmlrpc.scripting.com/},
	urlaccessdate = {15/05/2012}
}

@Misc{ STEWARD,
	title = "PDFtk the pdf toolkit",
	author = "Sid Steward",
	year = "2011",
	url = {http://www.pdflabs.com/tools/pdftk-the-pdf-toolkit/},
	urlaccessdate = {15/05/2012}
}

@Misc{ JOHNSON,
	title = "Poppler",
	organization = "FreeDesktop.Org",
	year = "2011",
	url = {http://poppler.freedesktop.org/},
	urlaccessdate = {15/05/2012}
}

@Misc{ GLYPH-COG,
	title = "XPdf",
	organization = "Glyph Cog",
	year = "2011",
	url = {http://www.glyphandcog.com/Xpdf.html},
	urlaccessdate = {15/05/2012}
}

@Misc{ IMAGEMAGICK-STUDIO,
	title = "ImageMagick: Convert, Edit or Compose Bitmap Images",
	organization = "ImageMagick Studio",
	year = "2012",
	url = {http://www.imagemagick.org/script/index.php},
	urlaccessdate = {15/05/2012}
}

@Misc{ MINETTO-PYUNO,
	title = "Python Uno",
	organization = "Python.Org",
	year = "2008",
	url = {http://www.python.org.br/wiki/PythonUno},
	urlaccessdate = {15/05/2012}
}

@Misc{ PYUNO,
	title = "Python-Uno Bridge",
	author = "Ralph Thomas",
	year = "2007",
	url = {http://www.openoffice.org/udk/python/python-bridge.html},
	urlaccessdate = {15/05/2012}
}

@Book{ LibreOffice,
	title = "Getting Started with OpenOffice.org",
	author = "Parker, H. and Faile Jr, R.",
	publisher = "LibreOffice",
	address = "São Paulo",
	year = "2010"
}

@article{ SILVA-MONNERAT-CARVALHO,
	title = "AUTONOMAÇÃO NA PRODUÇÃO DE SOFTWARE ",
	author = "Fernando Luiz de Carvalho e Silva and Gabriel Manhaes Monnerat and Rogério Atem de Carvalho",
	year = "2010",
	journal = "ENEGEP"
}

@article{ PITRE-DESAI,
  title = "Developing a Curriculum for on-line internacional business degree: an integrated approach using systems and ERP concepts",
  author = "Mayur S. Desai and Richard Pitre",
  year = "2010",
  journal = "Education"
}

@Book{ ASTELS,
	title = "Test-Driven Development: A Practical Guide",
	author = "David Astels",
	publisher = "Prentice Hall",
	year = "2003",
	address = "New Jersey"
}

@Book{ PRESSMAN,
	title = "Engenharia de Software",
	author = "Roger S. Pressman",
	publisher = "MAKRON Books",
	year = "1995",
	address = "São Paulo"
}

@Misc{ ERP5-SLAPOS,
	title = "User install ERP5 with SlapOS",
	organization = "Nexedi SA",
	year = "2012",
	url = {http://www.erp5.com/user-Install.ERP5.With.SlapOS/user-Install.ERP5.With.SlapOS},
	urlaccessdate = {20/08/2012}
}

@Misc{ BUILD-CLOUDOOO,
	title = "Buildout for Cloudooo",
	organization = "NSI",
	year = "2012",
	url = {http://github.com/nsi-iff/cloudooo_buildout},
	urlaccessdate = {20/08/2012}
}

@Misc{ NSI-CLOUDOOO,
	title = "Cloudooo",
	organization = "NSI",
	year = "2012",
	url = {http://github.com/nsi-iff/cloudooo},
	urlaccessdate = {20/08/2012}
}

@Misc{ BOOTSTRAP,
	title = "buildout.bootstrap",
	organization = "Python Software Foundation",
	year = "2012",
	url = {http://pypi.python.org/pypi/buildout.bootstrap/1.4.1},
	urlaccessdate = {23/09/2012}
}

@Misc{ MONNERAT,
	title = "Trabalho de Conclusão de Curso",
	author = "Gabriel Monnerat",
	year = "2010",
	url = {https://github.com/gmonnerat/monografia/blob/master/Monografia.pdf},
	urlaccessdate = {23/09/2012}
}
